% Encoding: UTF-8
@book{bringhurst:elements,
    author    = {Bringhurst, Robert},
    title     = {The Elements of Typographic Style},
    publisher = {Hartley \& Marks},
    year      = {1992},
    location  = {Point Roberts, Washington, USA}
}


@manual{miede:classicthesis, 
	author    = {Miede, Andr�},
	title     = {A Classic Thesis style}, 
	year      = {2016},
	url       = {http://www.ctan.org/tex-archive/macros/latex/contrib/classicthesis/ClassicThesis.pdf}
}


@manual{pantieri:classicthesis, 
	author    = {Pantieri, Lorenzo},
	title     = {Introduzione allo stile \classicthesis}, 
	year      = {2017},
	url       = {http://www.lorenzopantieri.net/LaTeX_files/ClassicThesis.pdf},
}


@manual{pantieri:art, 
	author    = {Pantieri, Lorenzo and Gordini, Tommaso},
	title     = {L'arte di scrivere con \LaTeX}, 
	year      = {2017},
	url       = {http://www.lorenzopantieri.net/LaTeX_files/ArteLaTeX.pdf},
}

@Article{Haralick73,
  author  = {Haralick, R. and Shanmugam, K. and Dinstein, I.},
  title   = {{Textural features for image classification}},
  journal = {IEEE Transactions on Systems, Man and Cybernetics},
  year    = {1973},
  volume  = {3},
  number  = {6},
  pages   = {610--621},
  file    = {Haralick73-Textural features for image classification.pdf:Estadística/Pattern Recognition/Texturas/Haralick73-Textural features for image classification.pdf:PDF},
}

@Comment{jabref-meta: databaseType:bibtex;}
